@online{TutorialsPoint,
        author = "Tutorials Point",
        title = "Ordenador - Memoria",
        url = "https://www.tutorialspoint.com/es/computer_fundamentals/computer_memory.htm#:~:text=Memoria%20de%20la%20computadora%20es,de%20piezas%20peque%C3%B1as%20llamadas%20c%C3%A9lulas.",
        keywords = "Latex,Tutorials"
}
@online{ComputerHope,
        author = "Nathan Emberton",
        title = "Memory",
        url = "https://www.computerhope.com/jargon/m/memory.htm",
        keywords = "Latex,Memory"
}










